@book{simon2013,
	author			=	{Phil Simon},
	title				=	{Too Big to Ignore: The Business Case for Big Data},
	publisher		=	{Wiley},
	volume			=	{Volume 72 of Wiley and SAS Business Series},
	year				= 2013		
}

@book{mitchell97,
	author			=	{Tom Michael Mitchell},
	title				=	{Machine Learning},
	publisher		=	{McGraw-Hill Education},
	year				= 1997		
}

@INPROCEEDINGS{Viola01robustreal-time,
    author = {Paul Viola and Michael Jones},
    title = {Robust Real-time Object Detection},
    booktitle = {International Journal of Computer Vision},
    year = {2001}
}

@INPROCEEDINGS{Dalal05histogramsof,
    author = {Navneet Dalal and Bill Triggs},
    title = {Histograms of Oriented Gradients for Human Detection},
    booktitle = {In CVPR},
    year = {2005},
    pages = {886--893}
}

@ARTICLE{Felzenszwalb03pictorialstructures,
    author = {Pedro F. Felzenszwalb and Daniel P. Huttenlocher},
    title = {Pictorial Structures for Object Recognition},
    journal = {IJCV},
    year = {2003},
    volume = {61},
    pages = {2005}
}
